@book{clrs,
author={Cormen, Thomas H and Leiserson, Charles E},
title={Introduction to algorithms, 3rd edition},
place={Cambridge, Mass.},
publisher={MIT Press},
year={2009}
}
@article{fred87,
author={Fredman, Michael L. and Tarjan, Robert Endre},
title={Fibonacci heaps and their uses in improved network optimization algorithms},
volume={34},
urldate={2015-10-12},
DOI={10.1145/28869.28874},
number={3},
journal={Journal of the ACM},
year={1987},
pages={596-615}
},

@article{williams,
author={Forsythe, G. E.},
title={Algorithms},
volume={7},
urldate={2015-10-12},
DOI={10.1145/512274.512284},
number={6},
journal={Communications of the ACM},
year={1964}
}

@article{bender,
author={Bender Michael},
title={Concurrent Cache-Oblivious B-Trees},
urldate={2015-11-01},
number={http://supertech.csail.mit.edu/papers/cobtree.pdf},
year={2015}
}